@manual{sample,
  organization = {TU Dortmund, Fakultät Physik},
  title = {Versuch zum Literaturverzeichnis},
  year = 2023
}

@book{NeuesGP,
  author         = {Hans Joachim Eichler,Heinz-Detlef Kronfeldt
  ,Jürgen Sahm},
  publisher      = {Springer},
  title          = {Das Neue Physikalische Grundpraktikum},
  year           = {2016}
}

@manual{V351,
  organization = {TU Dortmund, Fakultät Physik},
  title = {Versuchsanleitung 351 Fourier-Analyse und Synthese},
  year = 2023
}

@manual{V070_glossar,
  author = {D. Schirmer},
  organization = {TU Dortmund, Fakultät Physik},
  title = {Glossar zum FP-V70 (Vakuumphysik)},
  year = 2025
}

@manual{cern_vacuum,
  organization = {CERN},
  title = {Vacuum in accelerators},
  year = 2007
}

@manual{V406,
  organization = {TU Dortmund, Fakultät Physik},
  title = {Beugung am Spalt},
  year = 2024
}

@manual{V408,
  organization = {TU Dortmund, Fakultät Physik},
  title = {Geometrische Optik},
  year = 2024
}

@manual{V606,
  organization = {TU Dortmund, Fakultät Physik},
  title = {Suszeptibilität paramagnetischer Stoffe},
  year = 2024
}

@manual{V103,
  organization = {TU Dortmund, Fakultät Physik},
  title = {Biegung elastischer Stäbe},
  year = 2023
}

@manual{V303,
  organization = {TU Dortmund, Fakultät Physik},
  title = {Der Lock-In-Verstärker},
  year = 2023
}
@manual{V207,
  organization = {TU Dortmund, Fakultät Physik},
  title = {Das Kugelfall-Viskosimeter nach Höppler},
  year = 2023
}

@manual{V511,
  organization = {TU Dortmund, Fakultät Physik},
  title = {Hall-Effekt und Elektrizitätslaeitung bei Metallen},
  year = 2024
}

@manual{US1,
  organization = {TU Dortmund, Fakultät Physik},
  title = {Grundlagen der Ultraschalltechnik},
  year = 2024
}
@manual{viskositaet,
  organization = {Universität Oldenburg, Institut für Physik},
  title = {Viskosität und Reynoldszahlen},
  year = 2023
}

@inbook{Tabellen,
author = {Mende, Dietmar and Simon, Günter},
title = {Mechanik fester Körper},
booktitle = {Physik},
chapter = {},
pages = {26-92},
doi = {10.3139/9783446438613.002},
URL = {https://www.hanser-elibrary.com/doi/abs/10.3139/9783446438613.002},
eprint = {https://www.hanser-elibrary.com/doi/pdf/10.3139/9783446438613.002}
}

@inbook{TfCuP,
  author         = {D'Ans, Lax},
  publisher      = {Springer-Verlag Berlin Heidelberg GmbH},
  title          = {Taschenbuch fUr Chemiker und Physiker},
  year           = {1998}
}
@online{MIT,
url = {https://www.mit.edu/~6.777/matprops/copper.htm},
title = {MIT Material Property Database}
}

@online{nist,
url = {https://physics.nist.gov/cuu/Constants/index.html},
title = {NIST Reference on Constants, Units and Uncertainty}
}

@online{zink,
url = {https://www.chemie.de/lexikon/Spezifischer_Widerstand.html},
title = {Chemie.de, Spezifischer Widerstand}
}

